<?xml version="1.0" encoding="UTF-8"?><collection xmlns="http://www.loc.gov/MARC21/slim"><record><leader>00434nam--2200169-i-4500</leader><controlfield tag="001">000025073</controlfield><controlfield tag="002">20161230</controlfield><controlfield tag="005">20161230201035</controlfield><controlfield tag="008">060222s1000------------r-----000-0-eng-d</controlfield><datafield ind1=" " ind2=" " tag="040"><subfield code="a">IFIFN-HH</subfield></datafield><datafield ind1=" " ind2=" " tag="080"><subfield code="a">534.321.9</subfield></datafield><datafield ind1="1" ind2=" " tag="100"><subfield code="a">Glickstein, Cyrus</subfield></datafield><datafield ind1="1" ind2="0" tag="245"><subfield code="a">Basic ultrasonics</subfield><subfield code="c">Cyrus glickstein</subfield></datafield><datafield ind1=" " ind2=" " tag="260"><subfield code="a">New York, John F.Rider Publisher, Inc., 1960</subfield></datafield><datafield ind1=" " ind2=" " tag="300"><subfield code="a">137 P</subfield></datafield><datafield ind1=" " ind2=" " tag="852"><subfield code="a">11580</subfield><subfield code="c">534</subfield></datafield><datafield ind1=" " ind2=" " tag="CAT"><subfield code="a">Sys</subfield><subfield code="c">20101006</subfield><subfield code="h">134607</subfield></datafield></record></collection>